%! Author = NikBe
%! Date = 28.11.2022

